%YAML 1.1
%TAG !u! tag:unity3d.com,2011:
--- !u!114 &-3977699570138612450
MonoBehaviour:
  m_ObjectHideFlags: 0
  m_CorrespondingSourceObject: {fileID: 0}
  m_PrefabInstance: {fileID: 0}
  m_PrefabAsset: {fileID: 0}
  m_GameObject: {fileID: 0}
  m_Enabled: 1
  m_EditorHideFlags: 0
  m_Script: {fileID: 11500000, guid: ceb653cd98e289a4e8697a1af55201f2, type: 3}
  m_Name: event:/Walking
  m_EditorClassIdentifier: 
  Path: event:/Walking
  guid: 93e4ecb9988a7d41b66e2fe48458e5a1
  Banks:
  - {fileID: 2985858183615376901}
  IsStream: 0
  Is3D: 0
  IsOneShot: 1
  Parameters: []
  MinDistance: 0
  MaxDistance: 0
  Length: 70
--- !u!114 &-3377223354173901325
MonoBehaviour:
  m_ObjectHideFlags: 0
  m_CorrespondingSourceObject: {fileID: 0}
  m_PrefabInstance: {fileID: 0}
  m_PrefabAsset: {fileID: 0}
  m_GameObject: {fileID: 0}
  m_Enabled: 1
  m_EditorHideFlags: 0
  m_Script: {fileID: 11500000, guid: ceb653cd98e289a4e8697a1af55201f2, type: 3}
  m_Name: event:/Stage 3
  m_EditorClassIdentifier: 
  Path: event:/Stage 3
  guid: e98ce8a26391274d930bd58b2cfa8deb
  Banks:
  - {fileID: 2985858183615376901}
  IsStream: 0
  Is3D: 0
  IsOneShot: 1
  Parameters: []
  MinDistance: 0
  MaxDistance: 0
  Length: 2500
--- !u!114 &-3118873888488854519
MonoBehaviour:
  m_ObjectHideFlags: 0
  m_CorrespondingSourceObject: {fileID: 0}
  m_PrefabInstance: {fileID: 0}
  m_PrefabAsset: {fileID: 0}
  m_GameObject: {fileID: 0}
  m_Enabled: 1
  m_EditorHideFlags: 0
  m_Script: {fileID: 11500000, guid: ceb653cd98e289a4e8697a1af55201f2, type: 3}
  m_Name: event:/Stage 1
  m_EditorClassIdentifier: 
  Path: event:/Stage 1
  guid: c6e5ea784ce74841b2fd65d379d0c27c
  Banks:
  - {fileID: 2985858183615376901}
  IsStream: 0
  Is3D: 0
  IsOneShot: 1
  Parameters: []
  MinDistance: 0
  MaxDistance: 0
  Length: 2500
--- !u!114 &11400000
MonoBehaviour:
  m_ObjectHideFlags: 0
  m_CorrespondingSourceObject: {fileID: 0}
  m_PrefabInstance: {fileID: 0}
  m_PrefabAsset: {fileID: 0}
  m_GameObject: {fileID: 0}
  m_Enabled: 1
  m_EditorHideFlags: 0
  m_Script: {fileID: 11500000, guid: d32cf7c32a3ed8347bac48ef5ed56d82, type: 3}
  m_Name: FMODStudioCache
  m_EditorClassIdentifier: 
  EditorBanks:
  - {fileID: 2935384165521079279}
  - {fileID: 2985858183615376901}
  EditorEvents:
  - {fileID: 8419153823964008493}
  - {fileID: -3977699570138612450}
  - {fileID: -3118873888488854519}
  - {fileID: -3377223354173901325}
  - {fileID: 6397627630719612375}
  EditorParameters: []
  MasterBanks:
  - {fileID: 2985858183615376901}
  StringsBanks:
  - {fileID: 2935384165521079279}
  stringsBankWriteTime: 637511115658392358
  cacheVersion: 6
--- !u!114 &2935384165521079279
MonoBehaviour:
  m_ObjectHideFlags: 0
  m_CorrespondingSourceObject: {fileID: 0}
  m_PrefabInstance: {fileID: 0}
  m_PrefabAsset: {fileID: 0}
  m_GameObject: {fileID: 0}
  m_Enabled: 1
  m_EditorHideFlags: 0
  m_Script: {fileID: 11500000, guid: c18180ecb35941f4682ae60107b85b7c, type: 3}
  m_Name: bank:/Master.strings.bank
  m_EditorClassIdentifier: 
  Path: FMod/SoundLibrary/Build/Desktop/Master.strings.bank
  Name: Master.strings
  StudioPath: bank:/Master.strings
  lastModified: 637511115658392358
  LoadResult: 0
  FileSizes:
  - Name: Desktop
    Value: 916
  Exists: 1
--- !u!114 &2985858183615376901
MonoBehaviour:
  m_ObjectHideFlags: 0
  m_CorrespondingSourceObject: {fileID: 0}
  m_PrefabInstance: {fileID: 0}
  m_PrefabAsset: {fileID: 0}
  m_GameObject: {fileID: 0}
  m_Enabled: 1
  m_EditorHideFlags: 0
  m_Script: {fileID: 11500000, guid: c18180ecb35941f4682ae60107b85b7c, type: 3}
  m_Name: bank:/Master.bank
  m_EditorClassIdentifier: 
  Path: FMod/SoundLibrary/Build/Desktop/Master.bank
  Name: Master
  StudioPath: bank:/Master
  lastModified: 637511115658332846
  LoadResult: 0
  FileSizes: []
  Exists: 1
--- !u!114 &6397627630719612375
MonoBehaviour:
  m_ObjectHideFlags: 0
  m_CorrespondingSourceObject: {fileID: 0}
  m_PrefabInstance: {fileID: 0}
  m_PrefabAsset: {fileID: 0}
  m_GameObject: {fileID: 0}
  m_Enabled: 1
  m_EditorHideFlags: 0
  m_Script: {fileID: 11500000, guid: ceb653cd98e289a4e8697a1af55201f2, type: 3}
  m_Name: event:/Song
  m_EditorClassIdentifier: 
  Path: event:/Song
  guid: 8faa541831ca8b4595aede7e82fb012b
  Banks:
  - {fileID: 2985858183615376901}
  IsStream: 1
  Is3D: 0
  IsOneShot: 1
  Parameters: []
  MinDistance: 0
  MaxDistance: 0
  Length: 293668
--- !u!114 &8419153823964008493
MonoBehaviour:
  m_ObjectHideFlags: 0
  m_CorrespondingSourceObject: {fileID: 0}
  m_PrefabInstance: {fileID: 0}
  m_PrefabAsset: {fileID: 0}
  m_GameObject: {fileID: 0}
  m_Enabled: 1
  m_EditorHideFlags: 0
  m_Script: {fileID: 11500000, guid: ceb653cd98e289a4e8697a1af55201f2, type: 3}
  m_Name: event:/Stage 2
  m_EditorClassIdentifier: 
  Path: event:/Stage 2
  guid: 3c3b5a9870d96d478d8bda5497fb137c
  Banks:
  - {fileID: 2985858183615376901}
  IsStream: 0
  Is3D: 0
  IsOneShot: 1
  Parameters: []
  MinDistance: 0
  MaxDistance: 0
  Length: 2500
